<?xml version="1.0" encoding="UTF-8"?><collection xmlns="http://www.loc.gov/MARC21/slim"><record><leader>00394nam--2200145-i-4500</leader><controlfield tag="001">000040689</controlfield><controlfield tag="002">20161230</controlfield><controlfield tag="005">20161230201042</controlfield><controlfield tag="008">060222s1000------------r-----000-0-eng-d</controlfield><datafield ind1=" " ind2=" " tag="080"><subfield code="a">547</subfield></datafield><datafield ind1=" " ind2=" " tag="100"><subfield code="a">Schroder,Gerhard</subfield></datafield><datafield ind1=" " ind2=" " tag="245"><subfield code="a">Cyclooctatetraen</subfield></datafield><datafield ind1=" " ind2=" " tag="260"><subfield code="a">Weinheim, Verlag Chemie, 1965. Viii + 88 P</subfield></datafield><datafield ind1=" " ind2=" " tag="490"><subfield code="a">Monographien Zu Angewandte Cheie Und Chemie-ingenieur-technik</subfield></datafield><datafield ind1=" " ind2=" " tag="852"><subfield code="a">24277</subfield></datafield></record></collection>